<record><leader>00000cas a22000007a 4500</leader><controlfield tag="001">20621426</controlfield><controlfield tag="008">891109c19059999mouwr ne      0    0eng d</controlfield><datafield ind1=" " ind2=" " tag="010"><subfield code="a">sn 89067439 </subfield></datafield><datafield ind1=" " ind2=" " tag="040"><subfield code="a">MQN</subfield><subfield code="b">eng</subfield><subfield code="c">MQN</subfield><subfield code="d">OCLCQ</subfield></datafield><datafield ind1=" " ind2=" " tag="042"><subfield code="a">msc</subfield></datafield><datafield ind1="0" ind2=" " tag="130"><subfield code="a">Memphis democrat (Memphis, Mo.)</subfield></datafield><datafield ind1="1" ind2="4" tag="245"><subfield code="a">The Memphis democrat.</subfield></datafield><datafield ind1=" " ind2=" " tag="260"><subfield code="a">Memphis, Scotland County, Mo. :</subfield><subfield code="b">Roberts &amp; Bumbarger,</subfield><subfield code="c">1905-</subfield></datafield><datafield ind1=" " ind2=" " tag="300"><subfield code="a">v.</subfield></datafield><datafield ind1=" " ind2=" " tag="310"><subfield code="a">Weekly</subfield></datafield><datafield ind1="0" ind2=" " tag="362"><subfield code="a">34th year, no. 20 (Jan. 5, 1905)-</subfield></datafield><datafield ind1=" " ind2=" " tag="515"><subfield code="a">Numbering changed from years to vols. with issue for Feb. 27, 1930.</subfield></datafield><datafield ind1=" " ind2=" " tag="752"><subfield code="a">United States</subfield><subfield code="b">Missouri</subfield><subfield code="c">Scotland</subfield><subfield code="d">Memphis.</subfield></datafield><datafield ind1="0" ind2="0" tag="780"><subfield code="t">Scotland County democrat</subfield><subfield code="w">(DLC)sn 89067440</subfield></datafield><datafield ind1="0" ind2="5" tag="780"><subfield code="t">Memphis reveille (Memphis, Mo. : 1865)</subfield><subfield code="w">(DLC)sn 85034022</subfield></datafield></record>